<record><leader>00000cas a22000007a 4500</leader><controlfield tag="001">10325745</controlfield><controlfield tag="008">840121d18671868ohuwr ne      0    0eng d</controlfield><controlfield tag="009">3783</controlfield><datafield ind1=" " ind2=" " tag="010"><subfield code="a">sn 84028021 </subfield></datafield><datafield ind1=" " ind2=" " tag="040"><subfield code="a">NPY</subfield><subfield code="b">eng</subfield><subfield code="c">NPY</subfield><subfield code="d">DLC</subfield><subfield code="d">OCL</subfield></datafield><datafield ind1=" " ind2=" " tag="019"><subfield code="a">10325733</subfield><subfield code="a">10685746</subfield></datafield><datafield ind1="1" ind2=" " tag="029"><subfield code="a">AU@</subfield><subfield code="b">000025791009</subfield></datafield><datafield ind1=" " ind2=" " tag="042"><subfield code="a">msc</subfield></datafield><datafield ind1="0" ind2="0" tag="050"><subfield code="a">Newspaper 9311</subfield></datafield><datafield ind1="0" ind2=" " tag="130"><subfield code="a">Saturday morning bulletin (Kent, Ohio : 1867)</subfield></datafield><datafield ind1="0" ind2="4" tag="245"><subfield code="a">The Saturday morning bulletin.</subfield></datafield><datafield ind1="1" ind2="3" tag="246"><subfield code="a">Semi-weekly bulletin</subfield><subfield code="f">Dec. 11-28, 1867</subfield></datafield><datafield ind1="1" ind2="3" tag="246"><subfield code="a">Semiweekly bulletin</subfield></datafield><datafield ind1=" " ind2=" " tag="260"><subfield code="a">Kent, Ohio :</subfield><subfield code="b">M. Dewey,</subfield><subfield code="c">1867-1868.</subfield></datafield><datafield ind1=" " ind2=" " tag="300"><subfield code="a">2 v. :</subfield><subfield code="b">ill. ;</subfield><subfield code="c">33-52 cm.</subfield></datafield><datafield ind1=" " ind2=" " tag="310"><subfield code="a">Weekly,</subfield><subfield code="b">Jan. 4-Dec. 26, 1868</subfield></datafield><datafield ind1=" " ind2=" " tag="321"><subfield code="a">Weekly,</subfield><subfield code="b">Oct. 5-Dec. 7, 1867</subfield></datafield><datafield ind1=" " ind2=" " tag="321"><subfield code="a">Semiweekly,</subfield><subfield code="b">Dec. 11-28, 1867</subfield></datafield><datafield ind1="0" ind2=" " tag="362"><subfield code="a">Vol. 1, no. 35 (Oct. 5, 1867)-v. 2, no. 52 (Dec. 26, 1868).</subfield></datafield><datafield ind1=" " ind2=" " tag="500"><subfield code="a">Published as: Semi-weekly bulletin, Dec. 11-28, 1867.</subfield></datafield><datafield ind1="1" ind2=" " tag="700"><subfield code="a">Dewey, Marshall.</subfield></datafield><datafield ind1=" " ind2=" " tag="752"><subfield code="a">United States</subfield><subfield code="b">Ohio</subfield><subfield code="c">Portage</subfield><subfield code="d">Kent.</subfield></datafield><datafield ind1="0" ind2="0" tag="780"><subfield code="t">Commercial bulletin (Kent, Ohio : 1866)</subfield><subfield code="w">(DLC)sn 84028020</subfield></datafield><datafield ind1="0" ind2="0" tag="785"><subfield code="t">Saturday bulletin (Kent, Ohio : 1869)</subfield><subfield code="w">(DLC)sn 84028290</subfield></datafield></record>